<?xml version="1.0" encoding="UTF-8"?><collection xmlns="http://www.loc.gov/MARC21/slim"><record><leader>00391nam--2200121-i-4500</leader><controlfield tag="001">000013877</controlfield><controlfield tag="002">20161230</controlfield><controlfield tag="005">20161230201030</controlfield><controlfield tag="008">060222s1000------------r-----000-0-eng-d</controlfield><datafield ind1=" " ind2=" " tag="245"><subfield code="a">Determination approachee des epicentres de quelques seismes energistres par les stations du service seismologique de roumanie</subfield></datafield><datafield ind1=" " ind2=" " tag="260"><subfield code="a">Bucarest, Observatoire De Bucarest, 1944</subfield></datafield><datafield ind1=" " ind2=" " tag="490"><subfield code="a">12p</subfield></datafield><datafield ind1=" " ind2=" " tag="852"><subfield code="a">550.34</subfield></datafield></record></collection>